@article{mj_wilkerson,
    author={J F Wilkerson and E Aguayo and others},
    title={The Majorana Demonstrator: A Search for Neutrinoless Double-beta Decay of Germanium-76},
    journal={Journal of Physics: Conference Series},
    volume={375},
    number={4},
    pages={042010},
    url={http://stacks.iop.org/1742-6596/375/i=4/a=042010},
    year={2012},
}

@article{plank_results,
  title = "Planck 2013 results. I. Overview of products and scientific results",
  journal = "Astronomy and Astrophysics (submitted)",
  url = "http://planck.caltech.edu/publications2013Results.html",
  author= "{Planck Collaboration}",
}

@article{darkmatter_bertone,
  title = "Particle dark matter: evidence, candidates and constraints ",
  journal = "Physics Reports ",
  volume = "405",
  number = "5.6",
  pages = "279 - 390",
  year = "2005",
  note = "",
  issn = "0370-1573",
  doi = "10.1016/j.physrep.2004.08.031",
  url = "http://www.sciencedirect.com/science/article/pii/S0370157304003515",
  author = "Gianfranco Bertone and Dan Hooper and Joseph Silk"
}

@article{mapreduce_dean,
  author = {Dean, Jeffrey and Ghemawat, Sanjay},
  title = {MapReduce: simplified data processing on large clusters},
  journal = {Commun. ACM},
  issue_date = {January 2008},
  volume = {51},
  number = {1},
  month = jan,
  year = {2008},
  issn = {0001-0782},
  pages = {107--113},
  numpages = {7},
  url = {http://doi.acm.org/10.1145/1327452.1327492},
  doi = {10.1145/1327452.1327492},
  acmid = {1327492},
  publisher = {ACM},
  address = {New York, NY, USA},
} 

@article{couchdb_guide,
  author = {Anderson, J Chris and Lehnardt, Jan and Slater, Noah},
  title = {CouchDB The Definitive Guide},
  url = {http://guide.couchdb.org/index.html},
  publisher = {O'Reilly},
} 

@article{google_maps_dev_guide,
  author = {Google},
  title = {Google Maps Developer's Guide},
  url = {https://developers.google.com/maps/documentation/javascript/tutorial},
  publisher = {Google},
} 

@article{ginige_web,
  author = {Athula Ginige and San Murugesan},
  title = {Guest Editors' Introduction: Web Engineering -- An Introduction},
  journal ={IEEE Multimedia},
  volume = {8},
  number = {1},
  issn = {1070-986X},
  year = {2001},
  pages = {14-18},
  doi = {http://doi.ieeecomputersociety.org/10.1109/93.923949},
  publisher = {IEEE Computer Society},
  address = {Los Alamitos, CA, USA},
}
@article{avignone_neutrinos,
  title = {Double beta decay, Majorana neutrinos, and neutrino mass},
  author = {Avignone, Frank T. and Elliott, Steven R. and Engel, Jonathan},
  journal = {Rev. Mod. Phys.},
  volume = {80},
  issue = {2},
  pages = {481--516},
  year = {2008},
  month = {Apr},
  doi = {10.1103/RevModPhys.80.481},
  url = {http://link.aps.org/doi/10.1103/RevModPhys.80.481},
  publisher = {American Physical Society}
}

@article{phillips_mj,
    author={D G Phillips II and others},
    title={The MAJORANA experiment: an ultra-low background search for neutrinoless double-beta decay},
    journal={Journal of Physics: Conference Series},
    volume={381},
    number={1},
    pages={012044},
    url={http://stacks.iop.org/1742-6596/381/i=1/a=012044},
    year={2012},
}

@INPROCEEDINGS{gama_js_objects,
  author={Gama, W. and Alalfi, M.H. and Cordy, J.R. and Dean, T.R.},
  booktitle={Web Systems Evolution (WSE), 2012 14th IEEE International Symposium on},
  title={Normalizing object-oriented class styles in JavaScript},
  year={2012},
  pages={79-83},
  keywords={Java;object-oriented programming;reverse engineering;software maintenance;JavaScript;Web developer;functional programming style;imperative programming style;multiparadigm programming language;object-oriented class style;object-oriented programming style;program comprehension;program maintenance;Encapsulation;Java;Maintenance engineering;Pattern recognition;Prototypes;Syntactics;Transforms},
  doi={10.1109/WSE.2012.6320536},
  ISSN={2160-6153},}

@ARTICLE{json,
  author={Severance, C.},
  journal={Computer},
  title={Discovering JavaScript Object Notation},
  year={2012},
  volume={45},
  number={4},
  pages={6-8},
  keywords={Java;JSON;JavaScript object notation;Web extra;audio podcast;mainstream data applications;video interview;Data structures;Java;Servers;Software;Web and internet services;XML;Douglas Crockford;JSON;JavaScript;XML},
  doi={10.1109/MC.2012.132},
  ISSN={0018-9162},}

@article{krasner1988description,
  title={A description of the model-view-controller user interface paradigm in the smalltalk-80 system},
  author={Krasner, Glenn E and Pope, Stephen T and others},
  journal={Journal of object oriented programming},
  volume={1},
  number={3},
  pages={26--49},
  year={1988}
}

